
@article{rsa-aes,
author = {Boneh, Dan},
year = {2002},
month = {02},
pages = {},
title = {Twenty Years of Attacks on the RSA Cryptosystem},
volume = {46},
journal = {NOTICES OF THE AMS}
}

@misc{iti_doc_icp_01_01,
  author       = {{ITI - Instituto Nacional de Tecnologia da Informação}},
  title        = {DOC-ICP-01.01: Padrões e Algoritmos Criptográficos da ICP-Brasil},
  year         = {2022},
  howpublished = {\url{https://www.gov.br/iti/pt-br/central-de-conteudo/doc-icp-01-01-versao-4-1-padroes-e-algoritmos-criptograficos-da-icp-brasil-pdf}},
  note         = {Aprovado pela Instrução Normativa ITI n\textsuperscript{o} 22, de 23 de março de 2022}
}

@article{xorshift-def,
author = {Marsaglia, George},
year = {2003},
month = {01},
pages = {},
title = {Xorshift RNGs},
volume = {08},
journal = {Journal of Statistical Software},
doi = {10.18637/jss.v008.i14}
}

@inproceedings{lehmer1951,
  author    = {Derrick H. Lehmer},
  title     = {Mathematical Methods in Large-Scale Computing Units},
  booktitle = {Proceedings of a Second Symposium on Large-Scale Digital Calculating Machinery},
  year      = {1951},
  publisher = {Harvard University Press},
  address   = {Cambridge, MA},
  pages     = {141--146}
}

@article{solovay1977,
  author    = {Robert M. Solovay and Volker Strassen},
  title     = {A Fast Monte-Carlo Test for Primality},
  journal   = {SIAM Journal on Computing},
  volume    = {6},
  number    = {1},
  pages     = {84--85},
  year      = {1977},
  publisher = {Society for Industrial and Applied Mathematics}
}

@article{miller1976,
  author    = {Gary L. Miller},
  title     = {Riemann's Hypothesis and Tests for Primality},
  journal   = {Journal of Computer and System Sciences},
  volume    = {13},
  number    = {3},
  pages     = {300--317},
  year      = {1976},
  publisher = {Academic Press}
}

@article{rabin1980,
  author    = {Michael O. Rabin},
  title     = {Probabilistic Algorithm for Testing Primality},
  journal   = {Journal of Number Theory},
  volume    = {12},
  number    = {1},
  pages     = {128--138},
  year      = {1980},
  publisher = {Academic Press}
}


@misc{wikipedia_lcg,
  author       = {Wikimedia Foundation},
  title        = {Linear congruential generator --- Wikipedia, The Free Encyclopedia},
  howpublished = {\url{https://en.wikipedia.org/wiki/Linear_congruential_generator}},
  year         = {2025},
  note         = {Acesso em: 24 set. 2025}
}

@article{marsaglia1968,
  author    = {George Marsaglia},
  title     = {Random numbers fall mainly in the planes},
  journal   = {Proceedings of the National Academy of Sciences of the United States of America},
  volume    = {61},
  number    = {1},
  pages     = {25--28},
  year      = {1968},
  publisher = {National Academy of Sciences}
}

@manual{ibm1968randu,
  title        = {IBM System/360 Scientific Subroutine Package, Version III, Programmer's Manual},
  year         = {1968},
  organization = {IBM Corporation},
  address      = {Armonk, NY},
  note         = {Contém a definição do gerador de números pseudoaleatórios RANDU}
}

@misc{oshiro2020how_python_bignum,
  author       = {Alberto Oshiro},
  title        = {How Python Represents Integers Using Bignum},
  year         = {2020},
  howpublished = {\url{https://levelup.gitconnected.com/how-python-represents-integers-using-bignum-f8f0574d0d6b}},
  note         = {Acesso em: 24 set. 2025}
}

@misc{awslabs_s2n_bignum,
  author       = {AWS Labs},
  title        = {s2n-bignum: A collection of integer arithmetic routines for cryptographic applications},
  howpublished = {\url{https://github.com/awslabs/s2n-bignum}},
  year         = {2025},
  note         = {Último acesso em: 24 set. 2025}
}

@manual{gmp,
  title        = {GNU Multiple Precision Arithmetic Library},
  author       = {Torbjörn Granlund and the GMP development team},
  organization = {Free Software Foundation},
  year         = {2025},
  note         = {Versão mais recente disponível em \url{https://gmplib.org/}, acesso em: 24 set. 2025}
}

@article{JSSv008i14,
 title={Xorshift RNGs},
 volume={8},
 url={https://www.jstatsoft.org/index.php/jss/article/view/v008i14},
 doi={10.18637/jss.v008.i14},
 abstract={Description of a class of simple, extremely fast random number generators (RNGs) with periods 2k - 1 for k = 32, 64, 96, 128, 160, 192. These RNGs seem to pass tests of randomness very well.},
 number={14},
 journal={Journal of Statistical Software},
 author={Marsaglia, George},
 year={2003},
 pages={1–6}
}

@misc{wikipedia_xorshift,
  author       = {Wikimedia Foundation},
  title        = {Xorshift --- Wikipedia, The Free Encyclopedia},
  howpublished = {\url{https://en.wikipedia.org/wiki/Xorshift}},
  year         = {2025},
  note         = {Acesso em: 24 set. 2025}
}

@misc{vigna_xorshift_prng,
  author       = {Sebastiano Vigna},
  title        = {Older Scrambled Linear Generators (xorshift*) / xorshift+},
  howpublished = {\url{https://prng.di.unimi.it/xorshift.php}},
  year         = {2025},
  note         = {Acesso em: 24 set. 2025}
}

@misc{python_time_perf_counter,
  author       = {Python Software Foundation},
  title        = {time.perf counter() — Python 3.13.2 documentation},
  url          = {https://docs.python.org/3/library/time.html#time.perf_counter},
  year         = {2025},
  note         = {Acesso em: 24 set. 2025}
}

@techreport{saucier2000computer,
  author       = {Richard Saucier},
  title        = {Computer Generation of Statistical Distributions},
  institution  = {Army Research Laboratory},
  year         = {2000},
  number       = {ARL-TR-2168},
  address      = {Aberdeen Proving Ground, MD},
  url          = {https://www.sicyon.com/resources/library/pdf/random.pdf},
  note         = {Aprovado para liberação pública; distribuição ilimitada.}
}

@misc{kleinberg2010miller,
  author       = {Bobby Kleinberg},
  title        = {The Miller-Rabin Randomized Primality Test},
  year         = {2010},
  url          = {https://www.cs.cornell.edu/courses/cs4820/2010sp/handouts/MillerRabin.pdf},
  note         = {Acesso em: 25 set. 2025},
  institution  = {Cornell University},
  howpublished = {Disponível em \url{https://www.cs.cornell.edu/courses/cs4820/2010sp/handouts/MillerRabin.pdf}},
}

@misc{wikipedia_miller_rabin,
  author       = {Wikipedia contributors},
  title        = {Miller-Rabin primality test},
  year         = {2025},
  url          = {https://en.wikipedia.org/wiki/Miller-Rabin_primality_test},
  note         = {Acesso em: 25 set. 2025},
  howpublished = {Disponível em \url{https://en.wikipedia.org/wiki/Miller-Rabin_primality_test}},
}

@misc{ma2014fermat,
  author       = {Dan Ma},
  title        = {The Fermat Primality Test},
  year         = {2014},
  month        = {november},
  day          = {11},
  url          = {https://mathcrypto.wordpress.com/2014/11/11/the-fermat-primality-test/},
  note         = {Acesso em: 25 set. 2025}
}

@misc{wikipedia_pequeno_teorema_fermat,
  author       = {Wikipedia contributors},
  title        = {Pequeno Teorema de Fermat},
  year         = {2024},
  url          = {https://pt.wikipedia.org/wiki/Pequeno_teorema_de_Fermat},
  note         = {Acesso em: 25 set. 2025},
  howpublished = {Disponível em \url{https://pt.wikipedia.org/wiki/Pequeno_teorema_de_Fermat}}
}

@misc{wikipedia_numero_primo,
  author       = {Wikipedia contributors},
  title        = {Número primo},
  year         = {2025},
  url          = {https://pt.wikipedia.org/wiki/N\%C3\%BAmero_primo},
  note         = {Acesso em: 25 set. 2025},
  howpublished = {Disponível em \url{https://pt.wikipedia.org/wiki/N\%C3\%BAmero_primo}}
}